<collection xmlns="http://www.loc.gov/MARC21/slim">
<record>
  <leader>02265nam0a2200373 i 450 </leader>
  <controlfield tag="001">IT\ICCU\CNCE\029350</controlfield>
  <controlfield tag="005">20060424000000.0</controlfield>
  <datafield tag="012" ind1=" " ind2=" ">
    <subfield code="a">t,m* s.se m,o- mute (3) 1586 (R)</subfield>
    <subfield code="2">fei</subfield>
  </datafield>
  <datafield tag="100" ind1=" " ind2=" ">
    <subfield code="a">19971119d1586        0itac0103    ba</subfield>
  </datafield>
  <datafield tag="101" ind1=" " ind2=" ">
    <subfield code="a">LAT</subfield>
  </datafield>
  <datafield tag="102" ind1=" " ind2=" ">
    <subfield code="a">IT</subfield>
  </datafield>
  <datafield tag="200" ind1="1" ind2=" ">
    <subfield code="a">Constitutiones ac decreta synodalia perillustris ac reverendissimi domini d. Vincentii Casali Bononien. Dei, et apostolicae Sedis gratia Massae et Populoniae episcopi in sua dioecesana synodo Massae die X et XI mens. aprilis MDLXXXVI habita. Quibus, ut cuiuslibet decreti veritas facilius haberi possit, eademque legentibus clarius eluscere queat, additae sunt iuris pontificii, sacrorumque conciliorum, ac in primis Tridentini, necnon summistarum aliorumque dd. citationes, singulis materiisconcordantes, easdemque omnimode decidentes</subfield>
  </datafield>
  <datafield tag="210" ind1=" " ind2=" ">
    <subfield code="a">Bononiae</subfield>
    <subfield code="c">apud Io. Rossium</subfield>
    <subfield code="d">1586</subfield>
  </datafield>
  <datafield tag="215" ind1=" " ind2=" ">
    <subfield code="a">\8!, 235, \5! p.</subfield>
    <subfield code="d">4ʻ</subfield>
  </datafield>
  <datafield tag="620" ind1=" " ind2=" ">
    <subfield code="a">IT</subfield>
    <subfield code="d">Bologna</subfield>
  </datafield>
  <datafield tag="710" ind1="0" ind2="2">
    <subfield code="a">Massa Marittima</subfield>
    <subfield code="c"> &lt;Diocesi&gt;</subfield>
    <subfield code="3">8791</subfield>
  </datafield>
  <datafield tag="702" ind1=" " ind2="1">
    <subfield code="a">Casali,</subfield>
    <subfield code="b">Vincenzo</subfield>
    <subfield code="c"> &lt;m. 1592&gt;</subfield>
    <subfield code="3">IT\ICCU\CNCA\020758</subfield>
  </datafield>
  <datafield tag="712" ind1="0" ind2="0">
    <subfield code="a">Rossi, Giovanni</subfield>
    <subfield code="3">IT\ICCU\CNCT\000046</subfield>
    <subfield code="4">650</subfield>
  </datafield>
  <datafield tag="790" ind1=" " ind2="1">
    <subfield code="a">Casalius,</subfield>
    <subfield code="b">Vincentius</subfield>
    <subfield code="c"> &lt;m. 1592&gt;</subfield>
    <subfield code="3">IT\ICCU\CNCA\020769</subfield>
    <subfield code="z">Casali, Vincenzo &lt;m. 1592&gt;</subfield>
  </datafield>
  <datafield tag="791" ind1="0" ind2="0">
    <subfield code="a">Rubeus, Ioannes</subfield>
    <subfield code="c"> &lt;1556-1595&gt;</subfield>
    <subfield code="3">IT\ICCU\CNCT\002305</subfield>
    <subfield code="z">Rossi, Giovanni</subfield>
  </datafield>
  <datafield tag="791" ind1="0" ind2="2">
    <subfield code="a">Officina Mercuriana</subfield>
    <subfield code="3">IT\ICCU\CNCT\002306</subfield>
    <subfield code="z">Rossi, Giovanni</subfield>
  </datafield>
  <datafield tag="791" ind1="0" ind2="2">
    <subfield code="a">℗al segno del ℗Mercurio</subfield>
    <subfield code="3">IT\ICCU\CNCT\002635</subfield>
    <subfield code="z">Rossi, Giovanni</subfield>
  </datafield>
  <datafield tag="791" ind1="0" ind2="0">
    <subfield code="a">Rossius, Ioannes</subfield>
    <subfield code="3">IT\ICCU\CNCT\005402</subfield>
    <subfield code="z">Rossi, Giovanni</subfield>
  </datafield>
  <datafield tag="791" ind1="0" ind2="0">
    <subfield code="a">Rubrius, Ioannes</subfield>
    <subfield code="3">IT\ICCU\CNCT\005403</subfield>
    <subfield code="z">Rossi, Giovanni</subfield>
  </datafield>
  <datafield tag="791" ind1="0" ind2="0">
    <subfield code="a">Roscius, Ioannes</subfield>
    <subfield code="3">IT\ICCU\CNCT\005404</subfield>
    <subfield code="z">Rossi, Giovanni</subfield>
  </datafield>
  <datafield tag="791" ind1="0" ind2="0">
    <subfield code="a">Rubeis, Ioannes de</subfield>
    <subfield code="3">IT\ICCU\CNCT\005405</subfield>
    <subfield code="z">Rossi, Giovanni</subfield>
  </datafield>
  <datafield tag="801" ind1=" " ind2="3">
    <subfield code="a">IT</subfield>
    <subfield code="b">ICCU</subfield>
    <subfield code="c">20201114</subfield>
  </datafield>
  <datafield tag="899" ind1=" " ind2=" ">
    <subfield code="a">Biblioteca Apostolica Vaticana. Citt ̉del Vaticano</subfield>
    <subfield code="1">EX0001</subfield>
    <subfield code="2">ZCV 01</subfield>
  </datafield>
  <datafield tag="899" ind1=" " ind2=" ">
    <subfield code="a">Biblioteca Pio IX della Pontificia Universit ̉Lateranense. Citt ̉del Vaticano</subfield>
    <subfield code="1">EX0006</subfield>
    <subfield code="2">ZCV 03</subfield>
  </datafield>
  <datafield tag="899" ind1=" " ind2=" ">
    <subfield code="a">Biblioteca Giovardiana. Veroli</subfield>
    <subfield code="1">FR0072</subfield>
    <subfield code="2">RMS G1</subfield>
  </datafield>
  <datafield tag="899" ind1=" " ind2=" ">
    <subfield code="a">Biblioteca Dominicini. Perugia</subfield>
    <subfield code="1">PG0151</subfield>
    <subfield code="2">UM1 40</subfield>
  </datafield>
  <datafield tag="899" ind1=" " ind2=" ">
    <subfield code="a">Biblioteca Casanatense. Roma</subfield>
    <subfield code="1">RM0313</subfield>
    <subfield code="2">RML 07</subfield>
  </datafield>
  <datafield tag="899" ind1=" " ind2=" ">
    <subfield code="a">Biblioteca comunale degli Intronati. Siena</subfield>
    <subfield code="1">SI0046</subfield>
    <subfield code="2">RT1 QI</subfield>
  </datafield>
  <datafield tag="899" ind1=" " ind2=" ">
    <subfield code="a">Biblioteca Archivio Museo. Bassano del Grappa</subfield>
    <subfield code="1">VI0005</subfield>
    <subfield code="2">VIA BA</subfield>
  </datafield>
</record>
</collection>
